%--------------------------------------------------------
%--------------------- MISC -----------------------------
%--------------------------------------------------------

@online{top500,
    shorthand = {@top500},
    title = {TOP500 Website},
    url = {https://www.top500.org/},
    urldate = {2020-09-07}
}

@article{graham1969,
    author = {Graham, Ronald L.},
    journal = {SIAM journal on Applied Mathematics},
    number = {2},
    pages = {416--429},
    publisher = {SIAM},
    title = {Bounds on multiprocessing timing anomalies},
    volume = {17},
    year = {1969}
}
